<?xml version="1.0" encoding="UTF-8"?><collection xmlns="http://www.loc.gov/MARC21/slim"><record><leader>00341nam--2200121-i-4500</leader><controlfield tag="001">000043547</controlfield><controlfield tag="002">20161230</controlfield><controlfield tag="005">20161230201044</controlfield><controlfield tag="008">060222s1000------------r-----000-0-eng-d</controlfield><datafield ind1=" " ind2=" " tag="245"><subfield code="a">Taierea si sudarea metalelor cu oxigen si gaze naturale</subfield></datafield><datafield ind1=" " ind2=" " tag="260"><subfield code="a">Bucuresti, Idt, 1961. 44 P</subfield></datafield><datafield ind1=" " ind2=" " tag="490"><subfield code="a">Din Experienta Fruntasilor In Productie</subfield></datafield><datafield ind1=" " ind2=" " tag="852"><subfield code="a">1955</subfield></datafield></record></collection>